% Encoding: windows-1252
\RequirePackage{filecontents}
\begin{filecontents*}

%********************************* Mi bibliografia


@Book{Feynman:1977,
   title =     {The Feynman Lectures On Physics Volume III: Quantum Mechanics 3},
   author =    {Richard P. Feynman},
   publisher = {Addison-Wesley Pub },
   isbn =      { 0201020106},
   year =      {1977},
   series =    {The Feynman Lectures On Physics 03 },
   edition =   {140522731},
   volume =    {III}
   }

@article{Dirac_1939,
   title={A new notation for quantum mechanics},
   volume={35}, DOI={10.1017/S0305004100021162},
   number={3},
   journal={Mathematical Proceedings of the Cambridge Philosophical Society},
   author={Dirac, P. A. M.},
   year={1939},
   pages={416–418}
}

@Book{Tannor:2006,
   title =     {Introduction to Quantum Mechanics: A Time-Dependent Perspective},
   author =    {David J. Tannor},
   publisher = {University Science Books},
   isbn =      {1891389238},
   year =      {2006},
   series =    {},
   edition =   {},
   volume =    {}
   }

@book{Sakurai:1994,
   author        = {J. J. Sakurai},
   title         = "{Modern Quantum Mechanics}",
   isbn          = { 9780201539295},
   edition       = {Rev. ed},
   publisher     = {Addison-Wesley},
   year          = {1994}
}

@BOOK{Griffiths1994-rw,
  title     = "Introduction to Quantum Mechanics",
  author    = "Griffiths, David J",
  publisher = "Pearson",
  month     =  aug,
  year      =  1994,
  address   = "Upper Saddle River, NJ"
}



@book{Gottlieb,
  doi = {10.1137/1.9781611970425},
  year = {1977},
  month = jan,
  publisher = {Society for Industrial and Applied Mathematics},
  author = {David Gottlieb and Steven A. Orszag},
  title = {Numerical Analysis of Spectral Methods}
}

@BOOK{murphy:2013,
  title     = {Machine Learning: A Probabilistic Perspective},
  author    = {Murphy, Kevin P},
  publisher = {MIT Press},
  series    = {Adaptive Computation and Machine Learning series},
  month     =  {aug},
  year      =  {2012},
  address   = {London, England},
}

@book{Nielsen:2018,
  doi = {10.1007/978-3-319-94463-0},
  year = {2018},
  publisher = {Springer International Publishing},
  author = {Charu C. Aggarwal},
  title = {Neural Networks and Deep Learning}
}


@book{Chollet:2017,
  added-at = {2018-08-01T08:16:18.000+0200},
  author = {Chollet, François},
  interhash = {cfbfd3f93853a469e5e6978f61a74a0a},
  intrahash = {31f94815ebbd65d3a31e4a69e818573e},
  isbn = {9781617294433},
  keywords = {ai deep deeplearning learning ml},
  month = nov,
  publisher = {Manning},
  timestamp = {2021-05-19T08:35:34.000+0200},
  title = {Deep Learning with Python },
  year = 2017
}

 @book{Ivan:2019,
 place={Birmingham},
 title={Python deep learning: Exploring deep learning techniques and neural network architectures with pytorch, Keras, and tensorflow},
 publisher={Packt Publishing},
 author={Vasilev, Ivan and Slater, Daniel and Spacagna, Gianmario and Roelants, Peter and Zocca, Valentino},
 year={2019}
 } 



@book{Goodfellow:2016,
  added-at = {2018-05-24T10:55:45.000+0200},
  author = {Goodfellow, I. and Bengio, Y. and Courville, A.},
  description = {Deep Learning - Ian Goodfellow, Yoshua Bengio, Aaron Courville - Google Books},
  interhash = {62814dec510d5c55b0b38ad85a6c748d},
  intrahash = {975fe325479fc52c9e4424bb15f54bc4},
  isbn = {9780262035613},
  keywords = {deeplearning ma machinelearning},
  lccn = {2016022992},
  publisher = {MIT Press},
  series = {Adaptive computation and machine learning},
  timestamp = {2018-05-24T10:55:45.000+0200},
  title = {Deep Learning},
  year = 2016
}

 @book{Gardell:2010,
 place={Colorado Springs, CO},
 title={The brain: Understanding neurobiology through the study of addiction},
 publisher={Center for Curriculum Development},
 author={Gardell, Cutter Mary Ann},
 year={2010}} 






%***************************************************************

@article{Main:2021,
title = {{A}rtificial {N}eural {N}etworks as {P}ropagators in {Q}uantum {D}ynamics},
author = {Secor, Maxim and Soudackov, Alexander V. and Hammes-Schiffer, Sharon},
journal = {The Journal of Physical Chemistry Letters},
volume = {12},
number = {43},
pages = {10654-10662},
year = {2021},
doi = {10.1021/acs.jpclett.1c03117},
note ={PMID: 34704767}
}

@ARTICLE{DynamicalTheoryPTS,
title = {Dynamical theory of proton tunneling transfer rates in solution: general formulation},
author = {Daniel Borgis, James T. Hynes},
journal = {Chemical Physics},
volume = {},
number = {170},
pages = {315-346},
year = {1993},
doi = {10.1016/0301-0104(93)85117-Q}
}


@article{Gerlach1922,
  title = {Der experimentelle Nachweis der Richtungsquantelung im Magnetfeld},
  volume = {9},
  ISSN = {1434-601X},
  DOI = {10.1007/bf01326983},
  number = {1},
  journal = {Zeitschrift für Physik},
  publisher = {Springer Science and Business Media LLC},
  author = {Gerlach,  Walther and Stern,  Otto},
  year = {1922},
  month = dec,
  pages = {349–352}
}


@article{Enzymes,
author = {Layfield, Joshua P. and Hammes-Schiffer, Sharon},
title = {Hydrogen Tunneling in Enzymes and Biomimetic Models},
journal = {Chemical Reviews},
volume = {114},
number = {7},
pages = {3466-3494},
year = {2014},
doi = {10.1021/cr400400p},
    note ={PMID: 24359189}
    
}

@article{HammesSchiffer2012,
  title = {Proton-coupled electron transfer: classification scheme and guide to theoretical methods},
  volume = {5},
  ISSN = {1754-5706},
  DOI = {10.1039/c2ee03361e},
  number = {7},
  journal = {Energy \& Environmental Science},
  publisher = {Royal Society of Chemistry (RSC)},
  author = {Hammes-Schiffer,  Sharon},
  year = {2012},
  pages = {7696}
}

@article{Colbert1992,
  doi = {10.1063/1.462100},
  year = {1992},
  month = feb,
  publisher = {{AIP} Publishing},
  volume = {96},
  number = {3},
  pages = {1982--1991},
  author = {Daniel T. Colbert and William H. Miller},
  title = {A novel discrete variable representation for quantum mechanical reactive scattering via the S-matrix Kohn method},
  journal = {The Journal of Chemical Physics}
}

@misc{Sak:2014,
  doi = {10.48550/arXiv.1402.1128},
  author = {Sak,  Haşim and Senior,  Andrew and Beaufays,  Fran\c{c}oise},
  keywords = {Neural and Evolutionary Computing (cs.NE),  Computation and Language (cs.CL),  Machine Learning (cs.LG),  Machine Learning (stat.ML),  FOS: Computer and information sciences,  FOS: Computer and information sciences},
  title = {Long Short-Term Memory Based Recurrent Neural Network Architectures for Large Vocabulary Speech Recognition},
  publisher = {arXiv},
  year = {2014},
  copyright = {arXiv.org perpetual,  non-exclusive license}
}

@misc{Karpathy:2015,
  doi = {10.48550/arXiv.1506.02078},
  author = {Karpathy,  Andrej and Johnson,  Justin and Fei-Fei,  Li},
  keywords = {Machine Learning (cs.LG),  Computation and Language (cs.CL),  Neural and Evolutionary Computing (cs.NE),  FOS: Computer and information sciences,  FOS: Computer and information sciences},
  title = {Visualizing and Understanding Recurrent Networks},
  publisher = {arXiv},
  year = {2015},
  copyright = {arXiv.org perpetual,  non-exclusive license}
}


@misc{https://doi.org/10.48550/arxiv.1711.05101,
  doi = {10.48550/arXiv.1711.05101},
  author = {Loshchilov,  Ilya and Hutter,  Frank},
  keywords = {Machine Learning (cs.LG),  Neural and Evolutionary Computing (cs.NE),  Optimization and Control (math.OC),  FOS: Computer and information sciences,  FOS: Computer and information sciences,  FOS: Mathematics,  FOS: Mathematics},
  title = {Decoupled Weight Decay Regularization},
  publisher = {arXiv},
  year = {2017},
  copyright = {arXiv.org perpetual,  non-exclusive license}
}

@misc{https://doi.org/10.48550/arxiv.1610.09513,
  doi = {10.48550/arXiv.1610.09513},
  author = {Neil,  Daniel and Pfeiffer,  Michael and Liu,  Shih-Chii},
  keywords = {Machine Learning (cs.LG),  FOS: Computer and information sciences,  FOS: Computer and information sciences},
  title = {Phased LSTM: Accelerating Recurrent Network Training for Long or Event-based Sequences},
  publisher = {arXiv},
  year = {2016},
  copyright = {arXiv.org perpetual,  non-exclusive license}
}

@article{Jelic2012,
  doi = {10.1088/0143-0807/33/6/1651},
  year = {2012},
  month = sep,
  publisher = {{IOP} Publishing},
  volume = {33},
  number = {6},
  pages = {1651--1666},
  author = {V Jelic and F Marsiglio},
  title = {The double-well potential in quantum mechanics: a simple,  numerically exact formulation},
  journal = {European Journal of Physics}
}

@article{Hornik1989,
  doi = {10.1016/0893-6080(89)90020-8},
  year = {1989},
  month = jan,
  publisher = {Elsevier {BV}},
  volume = {2},
  number = {5},
  pages = {359--366},
  author = {Kurt Hornik and Maxwell Stinchcombe and Halbert White},
  title = {Multilayer feedforward networks are universal approximators},
  journal = {Neural Networks}
}

@article{IsmailFawaz2019,
  doi = {10.1007/s10618-019-00619-1},
  year = {2019},
  month = mar,
  publisher = {Springer Science and Business Media {LLC}},
  volume = {33},
  number = {4},
  pages = {917--963},
  author = {Hassan Ismail Fawaz and Germain Forestier and Jonathan Weber and Lhassane Idoumghar and Pierre-Alain Muller},
  title = {Deep learning for time series classification: a review},
  journal = {Data Mining and Knowledge Discovery}
}

@article{Schtt2018,
  doi = {10.1063/1.5019779},
  year = {2018},
  month = mar,
  publisher = {{AIP} Publishing},
  volume = {148},
  number = {24},
  author = {K. T. Sch\"{u}tt and H. E. Sauceda and P.-J. Kindermans and A. Tkatchenko and K.-R. M\"{u}ller},
  title = {{SchNet} {\textendash} A deep learning architecture for molecules and materials},
  journal = {The Journal of Chemical Physics}
}

@article{Wang2023,
  doi = {10.1021/acs.jpclett.3c01723},
  year = {2023},
  month = {aug},
  publisher = {American Chemical Society ({ACS})},
  volume = {14},
  number = {31},
  pages = {7092--7099},
  author = {Bipeng Wang and Ludwig Winkler and Yifan Wu and Klaus-Robert M\"{u}ller and Huziel E. Sauceda and Oleg V. Prezhdo},
  title = {Interpolating Nonadiabatic Molecular Dynamics Hamiltonian with Bidirectional Long Short-Term Memory Networks},
  journal = {The Journal of Physical Chemistry Letters}
}

@article{Light1985,
  doi = {10.1063/1.448462},
  year = {1985},
  month = feb,
  publisher = {{AIP} Publishing},
  volume = {82},
  number = {3},
  pages = {1400--1409},
  author = {J. C. Light and I. P. Hamilton and J. V. Lill},
  title = {Generalized discrete variable approximation in quantum mechanics},
  journal = {The Journal of Chemical Physics}
}

@article{Littlejohn2002,
  doi = {10.1063/1.1473811},
  year = {2002},
  month = may,
  publisher = {{AIP} Publishing},
  volume = {116},
  number = {20},
  pages = {8691--8703},
  author = {Robert G. Littlejohn and Matthew Cargo and Tucker Carrington and Kevin A. Mitchell and Bill Poirier},
  title = {A general framework for discrete variable representation basis sets},
  journal = {The Journal of Chemical Physics}
}

@misc{Light2000,
  doi = {10.1002/9780470141731.ch4},
  year = {2000},
  month = jan,
  publisher = {Wiley},
  pages = {263--310},
  author = {John C. Light and Tucker Carrington},
  title = {Discrete-Variable Representations and their Utilization}
}


@article{Begzjav2020,
  doi = {10.1016/j.rinp.2020.103098},
  year = {2020},
  month = jun,
  publisher = {Elsevier {BV}},
  volume = {17},
  pages = {103098},
  author = {Tuguldur Kh. Begzjav and Hichem Eleuch},
  title = {Magnus expansion applied to a dissipative driven two-level system},
  journal = {Results in Physics}
}

@article{Noschese2012,
  title = {Tridiagonal Toeplitz matrices: properties and novel applications},
  volume = {20},
  ISSN = {1099-1506},
  DOI = {10.1002/nla.1811},
  number = {2},
  journal = {Numerical Linear Algebra with Applications},
  publisher = {Wiley},
  author = {Noschese,  Silvia and Pasquini,  Lionello and Reichel,  Lothar},
  year = {2012},
  month = mar,
  pages = {302–326}
}

@misc{Hans,
  author        = {Hans-Dieter Meyer},
  title         = {Numerical Methods of Quantum Dynamics Discrete Variable Representation (DVR) Integrators Lecture Notes},
  month         = {April},
  year          = {2017},
  publisher={Physikalisch-Chemisches Institut Universität Heidelberg}
}



@incollection{Picasso2012,
  doi = {10.1007/978-1-4614-1806-1_85},
  year = {2012},
  publisher = {Springer New York},
  pages = {1351--1375},
  author = {Luigi E. Picasso and Luciano Bracci and Emilio d{\textquotesingle}Emilio},
  title = {Perturbation Theory in Quantum Mechanics},
  booktitle = {Mathematics of Complexity and~Dynamical Systems}
}

@misc{Olah,
author = {Christopher Olah},
title = {Understanding LSTM Networks},
howpublished = {\url{http://colah.github.io/posts/2015-08-Understanding-LSTMs/}},
note = {Consultada el 02 de septiembre de 2023},
month = {august},
year = {2015}
}

% New bib added to DVR method -------------------------

% Orthonormal functions
@Book{AbraSteg72,
  Title                    = {Handbook of Mathematical Functions with Formulas, Graphs, and Mathematical Tables},
  Editor                   = {Abramowitz, Milton and Stegun, Irene A.},
  Publisher                = {U.S. Government Printing Office},
  Year                     = {1972},

  Address                  = {Washington, DC, USA},
  Edition                  = {Tenth Printing}
}



@article{Harris1965,
  title = {Calculation of Matrix Elements for One-Dimensional Quantum-Mechanical Problems and the Application to Anharmonic Oscillators},
  volume = {43},
  ISSN = {1089-7690},
  DOI = {10.1063/1.1696963},
  number = {5},
  journal = {The Journal of Chemical Physics},
  publisher = {AIP Publishing},
  author = {Harris,  David O. and Engerholm,  Gail G. and Gwinn,  William D.},
  year = {1965},
  month = sep,
  pages = {1515–1517}
}

@article{Dickinson1968,
  title = {Calculation of Matrix Elements for One-Dimensional Quantum-Mechanical Problems},
  volume = {49},
  ISSN = {1089-7690},
  DOI = {10.1063/1.1670738},
  number = {9},
  journal = {The Journal of Chemical Physics},
  publisher = {AIP Publishing},
  author = {Dickinson,  A. S. and Certain,  P. R.},
  year = {1968},
  month = nov,
  pages = {4209–4211}
}

@inbook{Light1992,
  title = {Discrete Variable Representations in Quantum Dynamics},
  ISBN = {9781489923264},
  ISSN = {0258-1221},
  DOI = {10.1007/978-1-4899-2326-4_14},
  booktitle = {Time-Dependent Quantum Molecular Dynamics},
  publisher = {Springer US},
  author = {Light,  John C.},
  year = {1992},
  pages = {185–199}
}

@article{Torres2000,
  title = {Nuclear Dynamics Discrete Variable Representation Study of the Equilibrium Isotope Effect on H2 Binding in M(η2-H2)Ln Complexes:  An Effective Theoretical Way To Account for Anharmonicity},
  volume = {104},
  ISSN = {1520-5215},
  DOI = {10.1021/jp001327p},
  number = {33},
  journal = {The Journal of Physical Chemistry A},
  publisher = {American Chemical Society (ACS)},
  author = {Torres,  Laia and Gelabert,  Ricard and Moreno,  Miquel and Lluch,  José M.},
  year = {2000},
  month = aug,
  pages = {7898–7905}
}

@article{Dawes2004,
  title = {A multidimensional discrete variable representation basis obtained by simultaneous diagonalization},
  volume = {121},
  ISSN = {1089-7690},
  DOI = {10.1063/1.1758941},
  number = {2},
  journal = {The Journal of Chemical Physics},
  publisher = {AIP Publishing},
  author = {Dawes,  Richard and Carrington,  Tucker},
  year = {2004},
  month = jun,
  pages = {726–736}
}

% New bib added to Proton Transfer reactions

@InProceedings{Ali1986,
author="Ali, Domenic P.
and Hynes, James T.",
editor="Jortner, Joshua
and Pullman, Bernard",
title="Activated Hydrogen Atom Tunneling Reactions in Solution",
booktitle="Tunneling",
year="1986",
publisher="Springer Netherlands",
address="Dordrecht",
pages="203--212"
}

@book{Ulstrup1979,
  title = {Charge Transfer Processes in Condensed Media},
  ISBN = {9783642931161},
  ISSN = {2192-6603},
  DOI = {10.1007/978-3-642-93116-1},
  journal = {Lecture Notes in Chemistry},
  publisher = {Springer Berlin Heidelberg},
  author = {Ulstrup,  Jens},
  year = {1979}
}

@article{Borgis1989,
  title = {A dynamical theory of nonadiabatic proton and hydrogen atom transfer reaction rates in solution},
  volume = {162},
  ISSN = {0009-2614},
  DOI = {10.1016/0009-2614(89)85059-6},
  number = {1–2},
  journal = {Chemical Physics Letters},
  publisher = {Elsevier BV},
  author = {Borgis,  Daniel C. and Lee,  Sangyoub and Hynes,  James T.},
  year = {1989},
  month = oct,
  pages = {19–26}
}

@article{Kiefer2004,
  title = {Adiabatic and nonadiabatic proton transfer rate constants in solution},
  volume = {168},
  ISSN = {0167-2738},
  DOI = {10.1016/j.ssi.2002.12.001},
  number = {3–4},
  journal = {Solid State Ionics},
  publisher = {Elsevier BV},
  author = {Kiefer,  P},
  year = {2004},
  month = mar,
  pages = {219–224}
}

@article{Krishtalik2000,
  title = {The mechanism of the proton transfer: an outline},
  volume = {1458},
  ISSN = {0005-2728},
  DOI = {10.1016/s0005-2728(00)00057-8},
  number = {1},
  journal = {Biochimica et Biophysica Acta (BBA) - Bioenergetics},
  publisher = {Elsevier BV},
  author = {Krishtalik,  Lev I.},
  year = {2000},
  month = may,
  pages = {6–27}
}

@article{Krasilnikov2014,
  title = {Two-dimensional model of a double-well potential: Proton transfer upon hydrogen bond deformation},
  volume = {59},
  ISSN = {1555-6654},
  DOI = {10.1134/s0006350914020158},
  number = {2},
  journal = {Biophysics},
  publisher = {Pleiades Publishing Ltd},
  author = {Krasilnikov,  P. M.},
  year = {2014},
  month = mar,
  pages = {189–198}
}

@article{Born1927,
  title = {Zur Quantentheorie der Molekeln},
  volume = {389},
  ISSN = {1521-3889},
  DOI = {10.1002/andp.19273892002},
  number = {20},
  journal = {Annalen der Physik},
  publisher = {Wiley},
  author = {Born,  M. and Oppenheimer,  R.},
  year = {1927},
  month = jan,
  pages = {457–484}
}

@book{LPauling1935,
  title     = {Introduction to Quantum Mechanics with Applications to Chemistry},
  author    = {L. Pauling and E. B. Wilson},
  year      = {1935},
  publisher = {McGraw-Hill},
  address   = {New York}
}

@BOOK{Atkins2006-mu,
  title     = {Physical Chemistry},
  author    = {Atkins, Peter and de Paula, Julio},
  publisher = {W.H. Freeman \& Company},
  edition   =  {8},
  month     =  {mar},
  year      =  {2006}
}

%---------- Biological and Chenical reactions related with Proton Transfer systems:
@article{Hoganson1997,
  title = {A Metalloradical Mechanism for the Generation of Oxygen from Water in Photosynthesis},
  volume = {277},
  ISSN = {1095-9203},
  DOI = {10.1126/science.277.5334.1953},
  number = {5334},
  journal = {Science},
  publisher = {American Association for the Advancement of Science (AAAS)},
  author = {Hoganson,  Curtis W. and Babcock,  Gerald T.},
  year = {1997},
  month = sep,
  pages = {1953–1956}
}

@article{AlstrumAcevedo2005,
  title = {Chemical Approaches to Artificial Photosynthesis. 2},
  volume = {44},
  ISSN = {1520-510X},
  DOI = {10.1021/ic050904r},
  number = {20},
  journal = {Inorganic Chemistry},
  publisher = {American Chemical Society (ACS)},
  author = {Alstrum-Acevedo,  James H. and Brennaman,  M. Kyle and Meyer,  Thomas J.},
  year = {2005},
  month = sep,
  pages = {6802–6827}
}

@article{Dempsey2009,
  title = {Hydrogen Evolution Catalyzed by Cobaloximes},
  volume = {42},
  ISSN = {1520-4898},
  DOI = {10.1021/ar900253e},
  number = {12},
  journal = {Accounts of Chemical Research},
  publisher = {American Chemical Society (ACS)},
  author = {Dempsey,  Jillian L. and Brunschwig,  Bruce S. and Winkler,  Jay R. and Gray,  Harry B.},
  year = {2009},
  month = nov,
  pages = {1995–2004}
}

@article{DuBois2011,
  title = {Molecular Electrocatalysts for the Oxidation of Hydrogen and the Production of Hydrogen – The Role of Pendant Amines as Proton Relays},
  volume = {2011},
  ISSN = {1099-0682},
  DOI = {10.1002/ejic.201001081},
  number = {7},
  journal = {European Journal of Inorganic Chemistry},
  publisher = {Wiley},
  author = {DuBois,  Daniel L. and Bullock,  R. Morris},
  year = {2011},
  month = jan,
  pages = {1017–1027}
}

@article{Stubbe2003,
  title = {Radical Initiation in the Class I Ribonucleotide Reductase:  Long-Range Proton-Coupled Electron Transfer?},
  volume = {103},
  ISSN = {1520-6890},
  DOI = {10.1021/cr020421u},
  number = {6},
  journal = {Chemical Reviews},
  publisher = {American Chemical Society (ACS)},
  author = {Stubbe,  JoAnne and Nocera,  Daniel G. and Yee,  Cyril S. and Chang,  Michelle C. Y.},
  year = {2003},
  month = may,
  pages = {2167–2202}
}

@article{Knapp2002,
  title = {Temperature-Dependent Isotope Effects in Soybean Lipoxygenase-1:  Correlating Hydrogen Tunneling with Protein Dynamics},
  volume = {124},
  ISSN = {1520-5126},
  DOI = {10.1021/ja012205t},
  number = {15},
  journal = {Journal of the American Chemical Society},
  publisher = {American Chemical Society (ACS)},
  author = {Knapp,  Michael J. and Rickert,  Keith and Klinman,  Judith P.},
  year = {2002},
  month = mar,
  pages = {3865–3874}
}



% New bib added to Neural Networks, LSTMs
@article{Bengio2009,
  title = {Learning Deep Architectures for AI},
  volume = {2},
  ISSN = {1935-8245},
  DOI = {10.1561/2200000006},
  number = {1},
  journal = {Foundations and Trends{\textregistered} in Machine Learning},
  publisher = {Now Publishers},
  author = {Bengio,  Y.},
  year = {2009},
  pages = {1–127}
}

@article{LeCun2015,
  title = {Deep learning},
  volume = {521},
  ISSN = {1476-4687},
  DOI = {10.1038/nature14539},
  number = {7553},
  journal = {Nature},
  publisher = {Springer Science and Business Media LLC},
  author = {LeCun,  Yann and Bengio,  Yoshua and Hinton,  Geoffrey},
  year = {2015},
  month = may,
  pages = {436–444}
}

@article{Schmidhuber2015,
  title = {Deep learning in neural networks: An overview},
  volume = {61},
  ISSN = {0893-6080},
  DOI = {10.1016/j.neunet.2014.09.003},
  journal = {Neural Networks},
  publisher = {Elsevier BV},
  author = {Schmidhuber,  J\"{u}rgen},
  year = {2015},
  month = jan,
  pages = {85–117}
}

@article{Rosenblatt1958ThePA,
  title={The perceptron: a probabilistic model for information storage and organization in the brain.},
  author={Frank Rosenblatt},
  journal={Psychological review},
  year={1958},
  volume={65 6},
  pages={386-408}
}

@article{KELLEY1960,
  title = {Gradient Theory of Optimal Flight Paths},
  volume = {30},
  ISSN = {1936-9972},
  DOI = {10.2514/8.5282},
  number = {10},
  journal = {ARS Journal},
  publisher = {American Institute of Aeronautics and Astronautics (AIAA)},
  author = {Kelley,  Henry J.},
  year = {1960},
  month = oct,
  pages = {947–954}
}

@article{Rumelhart1986,
  title = {Learning representations by back-propagating errors},
  volume = {323},
  ISSN = {1476-4687},
  DOI = {10.1038/323533a0},
  number = {6088},
  journal = {Nature},
  publisher = {Springer Science and Business Media LLC},
  author = {Rumelhart,  David E. and Hinton,  Geoffrey E. and Williams,  Ronald J.},
  year = {1986},
  month = oct,
  pages = {533–536}
}

@inbook{RUMELHART1988,
  title = {Learning Internal Representations by Error Propagation},
  ISBN = {9781483214467},
  DOI = {10.1016/b978-1-4832-1446-7.50035-2},
  booktitle = {Readings in Cognitive Science},
  publisher = {Elsevier},
  author = {Rumelhartv,  D.E. and Hinton,  G.E. and Williams,  R.J.},
  year = {1988},
  pages = {399–421}
}

@ARTICLE{58337,
  author={Werbos, P.J.},
  journal={Proceedings of the IEEE}, 
  title={Backpropagation through time: what it does and how to do it}, 
  year={1990},
  volume={78},
  number={10},
  pages={1550-1560},
  keywords={Backpropagation;Artificial neural networks;Supervised learning;Pattern recognition;Neural networks;Power system modeling;Equations;Control systems;Fluid dynamics;Books},
  doi={10.1109/5.58337}
  }

@article{ELMAN1990179,
title = {Finding structure in time},
journal = {Cognitive Science},
volume = {14},
number = {2},
pages = {179-211},
year = {1990},
issn = {0364-0213},
doi = {https://doi.org/10.1016/0364-0213(90)90002-E},
author = {Jeffrey L. Elman}
}

@misc{https://doi.org/10.48550/arxiv.1409.2329,
  doi = {10.48550/arXiv.1409.2329},
  author = {Zaremba,  Wojciech and Sutskever,  Ilya and Vinyals,  Oriol},
  keywords = {Neural and Evolutionary Computing (cs.NE),  FOS: Computer and information sciences,  FOS: Computer and information sciences},
  title = {Recurrent Neural Network Regularization},
  publisher = {arXiv},
  year = {2014},
  copyright = {arXiv.org perpetual,  non-exclusive license}
}

@article{Pascanu2012UnderstandingTE,
  title={Understanding the exploding gradient problem},
  author={Razvan Pascanu and Tomas Mikolov and Yoshua Bengio},
  journal={ArXiv},
  year={2012},
  volume={abs/1211.5063}
}


@InProceedings{pmlr-v9-glorot10a,
  title = 	 {Understanding the difficulty of training deep feedforward neural networks},
  author = 	 {Glorot, Xavier and Bengio, Yoshua},
  booktitle = 	 {Proceedings of the Thirteenth International Conference on Artificial Intelligence and Statistics},
  pages = 	 {249--256},
  year = 	 {2010},
  editor = 	 {Teh, Yee Whye and Titterington, Mike},
  volume = 	 {9},
  series = 	 {Proceedings of Machine Learning Research},
  address = 	 {Chia Laguna Resort, Sardinia, Italy},
  month = 	 {13--15 May},
  publisher =    {PMLR},
  url = 	 {https://proceedings.mlr.press/v9/glorot10a.html}
  
}

@article{Hochreiter1997,
  title = {Long Short-Term Memory},
  volume = {9},
  ISSN = {1530-888X},
  DOI = {10.1162/neco.1997.9.8.1735},
  number = {8},
  journal = {Neural Computation},
  publisher = {MIT Press},
  author = {Hochreiter,  Sepp and Schmidhuber,  J\"{u}rgen},
  year = {1997},
  month = nov,
  pages = {1735–1780}
}

@article{Graves2013GeneratingSW,
  title={Generating Sequences With Recurrent Neural Networks},
  author={Alex Graves},
  journal={ArXiv},
  year={2013},
  volume={abs/1308.0850},
  url={https://api.semanticscholar.org/CorpusID:1697424}
}


@article{Informatik2003,
author = {Informatik, Fakultit and Bengio, Y. and Frasconi, Paolo and Schmidhuber, Jfirgen},
year = {2003},
month = {03},
pages = {},
title = {Gradient Flow in Recurrent Nets: the Difficulty of Learning Long-Term Dependencies},
doi={10.1109/9780470544037.ch14},
journal = {A Field Guide to Dynamical Recurrent Neural Networks}
}

@INPROCEEDINGS{Gers1999,
  author={Gers, F.A. and Schmidhuber, J. and Cummins, F.},
  booktitle={1999 Ninth International Conference on Artificial Neural Networks ICANN 99. (Conf. Publ. No. 470)}, 
  title={Learning to forget: continual prediction with LSTM}, 
  year={1999},
  volume={2},
  number={},
  pages={850-855 vol.2},
  keywords={},
  doi={10.1049/cp:19991218}
  }
%==================********* Updated:
@ARTICLE{Fukushima1996,
  author={Fukushima, Kunihiko},
  journal={IEEE Transactions on Systems Science and Cybernetics}, 
  title={Visual Feature Extraction by a Multilayered Network of Analog Threshold Elements}, 
  year={1969},
  volume={5},
  number={4},
  pages={322-333},
  keywords={Feature extraction;Network synthesis;Biological system modeling;Computational modeling;Computer simulation;Biology computing;Computer networks;Character recognition;Handwriting recognition;Biological systems},
  doi={10.1109/TSSC.1969.300225}
  }

@misc{nwankpa2018,
      title={Activation Functions: Comparison of trends in Practice and Research for Deep Learning}, 
      author={Chigozie Nwankpa and Winifred Ijomah and Anthony Gachagan and Stephen Marshall},
      year={2018},
      eprint={1811.03378},
      archivePrefix={arXiv},
      primaryClass={cs.LG},
      doi={10.48550/arXiv.1811.03378}, 
}

@article{HINTON1989185,
title = {Connectionist learning procedures},
journal = {Artificial Intelligence},
volume = {40},
number = {1},
pages = {185-234},
year = {1989},
issn = {0004-3702},
doi = {https://doi.org/10.1016/0004-3702(89)90049-0},
author = {Geoffrey E. Hinton}
}

@article{Robbins1951ASA,
  title={A Stochastic Approximation Method},
  author={Herbert E. Robbins},
  journal={Annals of Mathematical Statistics},
  year={1951},
  volume={22},
  pages={400-407},
  url={https://api.semanticscholar.org/CorpusID:16945044}
}

@book{Minsky2017,
  title = {Perceptrons: An Introduction to Computational Geometry},
  ISBN = {9780262343930},
  DOI = {10.7551/mitpress/11301.001.0001},
  publisher = {The MIT Press},
  author = {Minsky,  Marvin and Papert,  Seymour A.},
  year = {2017},
  month = sep 
}

@article{McCulloch1943,
  title = {A logical calculus of the ideas immanent in nervous activity},
  volume = {5},
  ISSN = {1522-9602},
  DOI = {10.1007/bf02478259},
  number = {4},
  journal = {The Bulletin of Mathematical Biophysics},
  publisher = {Springer Science and Business Media LLC},
  author = {McCulloch,  Warren S. and Pitts,  Walter},
  year = {1943},
  month = dec,
  pages = {115–133}
}

@misc{GSearch2019,
  doi = {10.48550/arXiv.1912.06059},
  author = {Liashchynskyi,  Petro and Liashchynskyi,  Pavlo},
  keywords = {Machine Learning (cs.LG),  Neural and Evolutionary Computing (cs.NE),  Machine Learning (stat.ML),  FOS: Computer and information sciences,  FOS: Computer and information sciences},
  title = {Grid Search,  Random Search,  Genetic Algorithm: A Big Comparison for NAS},
  publisher = {arXiv},
  year = {2019},
  copyright = {arXiv.org perpetual,  non-exclusive license}
}

@article{Dike2018UnsupervisedLB,
  title={Unsupervised Learning Based On Artificial Neural Network: A Review},
  author={Happiness Ugochi Dike and Yimin Zhou and Kranthi Kumar Deveerasetty and Qingtian Wu},
  journal={2018 IEEE International Conference on Cyborg and Bionic Systems (CBS)},
  year={2018},
  pages={322-327},
  url={https://api.semanticscholar.org/CorpusID:58670162}
}


\end{filecontents*}




@Comment{jabref-meta: databaseType:bibtex;}