@Book{Goossens,
  author    = {Goossens, Michel and Mittelbach, Frank and
               Samarin, Alexander},
  title     = {The LaTeX Companion},
  edition   = {1},
  publisher = {Addison-Wesley},
  location  = {Reading, Mass.},
  year      = {1994},
}
@Book{adams,
  title     = {The Restaurant at the End of the Universe},
  author    = {Douglas Adams},
  series    = {The Hitchhiker's Guide to the Galaxy},
  publisher = {Pan Macmillan},
  year      = {1980},
}
